/Users/fchauvel/OneDrive/Documents/notes/references.bib