@article{hill2016,
  title =        {What an algorithm is},
  author =       {Hill, Robin K},
  journal =      {Philosophy \& Technology},
  volume =       29,
  number =       1,
  pages =        {35--59},
  year =         2016,
  publisher =    {Springer}
}


@article{cook1973,
  title =        {Time bounded random access machines},
  journal =      {Journal of Computer and System Sciences},
  volume =       7,
  number =       4,
  pages =        {354-375},
  year =         1973,
  issn =         {0022-0000},
  doi =          {https://doi.org/10.1016/S0022-0000(73)80029-7},
  author =       {Stephen A. Cook and Robert A. Reckhow}
}

@book{knuth1978,
  author =       {Knuth, Donald Ervin},
  title =        {The Art of Computer Programming: Fundamental Algorithms},
  year =         1978,
  isbn =         0201038099,
  volume =       1,
  publisher =    {Addison-Wesley Longman Publishing Co., Inc.},
  address =      {USA},
  edition =      {2nd}
}

@article{vardi2012,
  author =       {Vardi, Moshe Y.},
  title =        {What is an Algorithm?},
  year =         {2012},
  issue_date =   {March 2012},
  publisher =    {Association for Computing Machinery},
  address =      {New York, NY, USA},
  volume =       {55},
  number =       {3},
  issn =         {0001-0782},
  journal =      {Communications of the ACM},
  month =        {mar},
  pages =        {5},
  numpages =     {1}
}