/Users/fchauvel/notes/references.bib